<record><leader>00000cas a22000007a 4500</leader><controlfield tag="001">16012901</controlfield><controlfield tag="008">870620d18861949iauwr ne      0    0eng d</controlfield><datafield ind1=" " ind2=" " tag="010"><subfield code="a">sn 87057566 </subfield></datafield><datafield ind1=" " ind2=" " tag="040"><subfield code="a">INP</subfield><subfield code="b">eng</subfield><subfield code="c">INP</subfield><subfield code="d">OCLCQ</subfield></datafield><datafield ind1=" " ind2=" " tag="042"><subfield code="a">msc</subfield></datafield><datafield ind1="0" ind2="4" tag="245"><subfield code="a">The Merry war.</subfield></datafield><datafield ind1=" " ind2=" " tag="260"><subfield code="a">Clinton, Iowa :</subfield><subfield code="b">[s.n.]</subfield></datafield><datafield ind1=" " ind2=" " tag="300"><subfield code="a">v.</subfield></datafield><datafield ind1=" " ind2=" " tag="310"><subfield code="a">Weekly</subfield></datafield><datafield ind1="1" ind2=" " tag="362"><subfield code="a">Issued 1886-1949?</subfield></datafield><datafield ind1=" " ind2=" " tag="500"><subfield code="a">Editor: D.H. Winget, &lt;May 16-July 18, 1930&gt;.</subfield></datafield><datafield ind1=" " ind2=" " tag="588"><subfield code="a">Description based on: Vol. 44, no. 44 (May 16, 1930).</subfield></datafield><datafield ind1=" " ind2=" " tag="752"><subfield code="a">United States</subfield><subfield code="b">Iowa</subfield><subfield code="c">Clinton</subfield><subfield code="d">Clinton.</subfield></datafield><datafield ind1="0" ind2="5" tag="780"><subfield code="t">Town talk (Clinton, Iowa : 1901)</subfield></datafield><datafield ind1="1" ind2=" " tag="029"><subfield code="a">AU@</subfield><subfield code="b">000025831147</subfield></datafield></record>